%% This BibTeX bibliography file was created using BibDesk.
%% http://bibdesk.sourceforge.net/


%% Created for Patric Jensfelt at 2014-08-23 22:39:14 +0200 


%% Saved with string encoding Unicode (UTF-8) 



@book{RussellNorvigAIBook3rd,
	Author = {Stuart J. Russell and Peter Norvig},
	Date-Added = {2014-08-23 20:37:06 +0000},
	Date-Modified = {2014-08-23 20:38:47 +0000},
	Edition = {3rd},
	Number = {ISBN 978-0-13-207148-2},
	Publisher = {Pearson Education},
	Title = {Artificial Intelligence - A Modern Approach},
	Year = {2010}}

@article{nlgsystem01,
	author = {Ehud Reiter and Robert Dale},
	journal = {Cambridge University Press},
	title = {{Building Applied Natural Language Generation Systems}},
	year = {1995}
	}
	
@misc{hmmnlg,
	author = {Nina Dethlefs and Heriberto Cuayahuitl},
	title = {{Hierarchical Reinforcment Learning and Hidden Markov Models for
				Task-Oriented Natural Language Generation}}
}

@article{nlgScratch,
	author = {Ronan Collobert and Jason Weston and L�on Bottoua and Michael Karlen
	 and Koray Kavukcuoglu and Pavel Kuksa},
	title = {Natural Language Processing (Almost) from Scratch},
	journal = {Journal of Machine Learning Research},
	year={2011}}

@article{nlgngram,
	author = {Irene Langkilde and Kevin Knight },
	title = {The practical value of n-gram in generation},
	journal = {Natural Language Generation Workshop},
	year={1998}}

@misc{hmmdial,
	author = {Heriberto Cuayahuitl and Steve Renals and Oliver Lemon and Hiroshi Shimodaira},
	title = {{Human-Computer Dialogue Simulation using Hidden Markov Models}}
}
@book{buildingNLG,
	Author = {Ehud Reiter and Robert Dale},
	Edition = {1st},
	Number = {ISBN 0-521-62036-8},
	Publisher ={The press syndicate of the University of Cambridge},
	Title = {Building Natural Language Generation Systems},
	Year = {2000}
}
@book{hmmsr,
	Author = {XD Huang and Y Ariki and MA Jack},
	Edition = {1st},
	Number = {ISBN 0-7486-0162-7},
	Publisher ={Edinburgh University Press },
	Title = {Hidden Markov Models for Speech Recognition },
	Year = {1990}
}

@article{hmmchunk,
    author = {Antonio Molina and Ferran Pla and James Hammerton and Miles Osborne and Susan Armstrong and Walter Daelemans},
    title = {Shallow Parsing Using Specialized HMMs},
    journal = {Journal of Machine Learning Research},
    year = {2002},
    volume = {2},
    pages = {595--613}
}

@book{nltk,
  author = {Steven Bird and Ewan Klein and Edward Loper},
  title = {{Natural Language Processing with Python}},
  publisher = {O'Reilly Media},
  year = 2009
}

@misc{evalnlg,
	title = {{An Investigation into the Validity of Some
			Metrics for Automatically Evaluating Natural
			Language Generation Systems}},
	author = {Ehud Reiter and Anja Belz}
}

@article{poseval,
	title = {{Grammar Checking using POS Tagging and Rules Matching}},
	author = {Zac Rider},
	year= {2005}
}

@InProceedings{bleueval,
    author = {Anja Belz and Ehud Reiter},
    title = {Comparing Automatic and Human Evaluation of NLG Systems},
    booktitle = {In Proc. EACL’06},
    year = {2006},
    pages = {313--320}
}

@InProceedings{autoeval,
  	author = 	 {Doddington, G.},
  	title = 	 {{Automatic evaluation of machine translation quality
			using n-gram cooccurrence statistics}},
	year = {2002},
	booktitle = {Proceedings of the Human Language Technology Conference (HLT)}
}

@misc{evalmethods,
	title = {{Evaluating Evaluation Methods for Generation in the Presence of Variation}},
	author = {Amanda Stent and Matthew Marge and Mohit Singhai}
}

@article{hmm,
	title = {{An Introduction to Hidden Markov Model and Bayesian Networks}},
	author = {Zoubin Ghahramani},
	journal = {International Journal of Pattern Recognition and Artificial Intelligence},
	year = {2001}
}
